@inproceedings{NIPS_IMAGENET,
    author={A. Krizhevsky and I. Sutskever and G. E. Hinton},
    year={2012},
    title={ImageNet classification with deep convolutional neural networks},
    booktitle={Advances in Neural Information Processing Systems},
    volume={2},
    pages={1097-1105},
    language={english},
    url = {http://papers.nips.cc/paper/4824-imagenet-classification-with-deep-convolutional-neural-networks.pdf}
}

@book{DEEP_LEARNING,
    author={I. Goodfellow and Y. Bengio and A. Courville},
    title={Deep Learning},
    publisher={MIT Press},
    year={2016},
    ISBN={9780262337434}
}
